<?xml version="1.0" encoding="UTF-8"?><record xmlns="http://www.loc.gov/MARC21/slim" xmlns:cinclude="http://apache.org/cocoon/include/1.0" xmlns:zs="http://www.loc.gov/zing/srw/">
  <leader>00490nz  a2200157n  4500</leader>
  <controlfield tag="001">no2008179281</controlfield>
  <controlfield tag="003">DLC</controlfield>
  <controlfield tag="005">20081206082212.0</controlfield>
  <controlfield tag="008">081204n| acannaabn          |a aaa     c</controlfield>
  <datafield tag="010" ind1=" " ind2=" ">
    <subfield code="a">no2008179281</subfield>
  </datafield>
  <datafield tag="035" ind1=" " ind2=" ">
    <subfield code="a">(OCoLC)oca07955006</subfield>
  </datafield>
  <datafield tag="040" ind1=" " ind2=" ">
    <subfield code="a">SaPrUSA</subfield>
    <subfield code="b">eng</subfield>
    <subfield code="c">SaPrUSA</subfield>
  </datafield>
  <datafield tag="100" ind1="1" ind2=" ">
    <subfield code="a">Jones, R. S.</subfield>
    <subfield code="q">(Richard Sheriff)</subfield>
  </datafield>
  <datafield tag="400" ind1="1" ind2=" ">
    <subfield code="w">nna</subfield>
    <subfield code="a">Jones, Richard Sheriff</subfield>
  </datafield>
  <datafield tag="670" ind1=" " ind2=" ">
    <subfield code="a">Asthma in children, 1976:</subfield>
    <subfield code="b">t.p. (R.S. Jones)</subfield>
  </datafield>
  <datafield tag="670" ind1=" " ind2=" ">
    <subfield code="a">OCLC, Dec. 4, 2008</subfield>
    <subfield code="b">(hdg.: Jones, Richard Sheriff; usage: R.S. Jones)</subfield>
  </datafield>
</record>